@article{mlp-universal,
title = "Multilayer feedforward networks are universal approximators",
journal = "Neural Networks",
volume = "2",
number = "5",
pages = "359 - 366",
year = "1989",
issn = "0893-6080",
doi = "https://doi.org/10.1016/0893-6080(89)90020-8",
author = "Kurt Hornik and Maxwell Stinchcombe and Halbert White",
note={\newline DOI: 10.1016/0893-6080(89)90020-8}
}

@ARTICLE{rbf-universal,
author={J. {Park} and I. W. {Sandberg}},
journal={Neural Computation},
title={Universal {A}pproximation {U}sing {R}adial-{B}asis-{F}unction {N}etworks},
year={1991},
volume={3},
number={2},
pages={246-257},
keywords={},
doi={10.1162/neco.1991.3.2.246},
ISSN={0899-7667},
note={DOI: 10.1162/neco.1991.3.2.246}
}
